@misc{innisfree,
  title = {{Innisfree Village}},
  month = apr,
  year = {2015},
  howpublished = {\url{http://www.innisfreevillage.org/}}
}

@misc{devise,
  title = {devise},
  month = apr,
  year = {2015},
  howpublished = {\url{https://github.com/plataformatec/devise}}
}

@misc{papertrail,
  title = {{PaperTrail}},
  month = apr,
  year = {2015},
  howpublished = {\url{https://github.com/airblade/paper_trail}}
}

@misc{fullcalendar,
  title = {{FullCalendar}},
  month = mar,
  year = {2015},
  howpublished = {\url{http://www.fullcalendar.io/}}
}

@misc{actionmailer,
  title = {{ActionMailer}},
  month = mar,
  year = {2015},
  howpublished = {\url{http://api.rubyonrails.org/classes/ActionMailer/Base.html}}
}